<?xml version="1.0" encoding="UTF-8"?>
<collection xmlns:xsi="http://www.w3.org/2001/XMLSchema-instance" xsi:schemaLocation="http://www.loc.gov/MARC21/slim http://www.loc.gov/standards/marcxml/schema/MARC21slim.xsd" xmlns="http://www.loc.gov/MARC21/slim">
<record>
  <leader>00708cam a2200205 a 4500</leader>
  <controlfield tag="001">2958921</controlfield>
  <controlfield tag="003">NNC</controlfield>
  <controlfield tag="005">20130426002744.0</controlfield>
  <controlfield tag="008">871111m19079999tu            000 0 ara d</controlfield>
  <datafield tag="035" ind1=" " ind2=" ">
    <subfield code="a">(OCoLC)ocm16964871</subfield>
  </datafield>
  <datafield tag="035" ind1=" " ind2=" ">
    <subfield code="9">ASK4044CU</subfield>
  </datafield>
  <datafield tag="035" ind1=" " ind2=" ">
    <subfield code="a">(NNC)2958921</subfield>
  </datafield>
  <datafield tag="040" ind1=" " ind2=" ">
    <subfield code="a">CLU</subfield>
    <subfield code="c">CLU</subfield>
    <subfield code="d">OSU</subfield>
    <subfield code="d">ZCU</subfield>
  </datafield>
  <datafield tag="090" ind1=" " ind2=" ">
    <subfield code="a">BP160.4</subfield>
    <subfield code="b">.N33</subfield>
  </datafield>
  <datafield tag="100" ind1="1" ind2=" ">
    <subfield code="a">Nakhjawānī, Niʻmat Allāh ibn Maḥmūd,</subfield>
    <subfield code="d">-1514.</subfield>
  </datafield>
  <datafield tag="245" ind1="1" ind2="3">
    <subfield code="a">al-Fawātiḥ al-ilāhīyah wa-al-mafātiḥ al-ghaybīyah :</subfield>
    <subfield code="b">al-mawḍiḥah lil-kalam al-Qurʾānīyah wa-al-ḥukm al-furqānīyah.</subfield>
  </datafield>
  <datafield tag="260" ind1=" " ind2=" ">
    <subfield code="a">Istanbul :</subfield>
    <subfield code="b">al-Maṭbaʻah al-ʻUthmānīyah,</subfield>
    <subfield code="c">1325- [1907-</subfield>
  </datafield>
  <datafield tag="300" ind1=" " ind2=" ">
    <subfield code="a">2 v. ;</subfield>
    <subfield code="c">28 cm.</subfield>
  </datafield>
  <datafield tag="630" ind1="0" ind2="0">
    <subfield code="a">Qurʼan</subfield>
    <subfield code="v">Commentaries.</subfield>
  </datafield>
  <datafield tag="955" ind1=" " ind2=" ">
    <subfield code="b">0036759210</subfield>
    <subfield code="d">glx</subfield>
    <subfield code="e">BP160.4 .N33</subfield>
    <subfield code="v">v.2</subfield>
  </datafield>
</record>
</collection>